@article{qn,
	title={The New York Times, 2016. The Bangladeshi Traffic Jam That Never Ends.}
}



@article{qa:1,
	title={Hongmei Deng, Wei Li and D. P. Agrawal, "Routing security in wireless ad hoc networks," in IEEE Communications Magazine, vol. 40, no. 10, pp. 70-75, Oct. 2002.},
	titleadon = {{}},
}

@article{qa:2,
	title={Detecting black-hole attack in mobile ad hoc networks},
	author={Sun, Bo and Guan, Yong and Chen, Jian and Pooch, Udo W},
	year={2003},
	publisher={IET}
}

@inproceedings{qa:3,
	title={Prevention of cooperative black hole attack in wireless ad hoc networks.},
	author={Ramaswamy, Sanjay and Fu, Huirong and Sreekantaradhya, Manohar and Dixon, John and Nygard, Kendall E},
	booktitle={International conference on wireless networks},
	volume={2003},
	pages={570--575},
	year={2003}
}

@article{qa:4,
	title={Prevention of selective black hole attacks on mobile ad hoc networks through intrusion detection systems},
	author={Su, Ming-Yang},
	journal={Computer Communications},
	volume={34},
	number={1},
	pages={107--117},
	year={2011},
	publisher={Elsevier}
}

@inproceedings{qa:5,
	title={Secure Efficient Ad hoc Distance vector routing},
	author={Hu, Yih-Chun and Johnson, David B and Perrig, Adrian},
	booktitle={the Proceedings of the Fourth IEEE Workshop on Mobile Computing Systems and applications (WMCSAâ€™02)},
	year={2002}
}

@article{qa:6,
	title={Ariadne: A secure on-demand routing protocol for ad hoc networks},
	author={Hu, Yih-Chun and Perrig, Adrian and Johnson, David B},
	journal={Wireless networks},
	volume={11},
	number={1-2},
	pages={21--38},
	year={2005},
	publisher={Springer}
}

@article{qa:7,
	title={Authenticated routing for ad hoc networks},
	author={Sanzgiri, Kimaya and LaFlamme, Daniel and Dahill, Bridget and Levine, Brian Neil and Shields, Clay and Belding-Royer, Elizabeth M},
	journal={IEEE Journal on selected areas in communications},
	volume={23},
	number={3},
	pages={598--610},
	year={2005},
	publisher={IEEE}
}

@article{qa:8,
	title={Security and QoS Aware Dynamic Clustering (SQADC) Routing protocol for CRN: A REVIEW},
	author={Sharma, Aagrah and Zaveri, Dhruv and Yadav, Gitanshu and Pande, Suyog},
	year={2018}
}

@article{qa:9,
	title={Providing routing security using ros protocol in MANET and performance comparison with AODV},
	author={Manickam, J Martin Leo and Shanmugavel, S},
	journal={Information Technology Journal},
	volume={6},
	number={5},
	pages={656--663},
	year={2007}
}

@inproceedings{qa:10,
	title={Identifying flaws in the secure routing protocol},
	author={Marshall, John and Thakur, Vikram and Yasinsac, Alec},
	booktitle={Conference Proceedings of the 2003 IEEE International Performance, Computing, and Communications Conference, 2003.},
	pages={167--174},
	year={2003},
	organization={IEEE}
}

@inproceedings{qa:11,
	title={Experimental performance comparisons between SAODV \& AODV},
	author={Juwad, Mohaned and Al-Raweshidy, Hamed S},
	booktitle={2008 Second Asia International Conference on Modelling \& Simulation (AMS)},
	pages={247--252},
	year={2008},
	organization={IEEE}
}

@inproceedings{qa:12,
	title={Secure link state routing for mobile ad hoc networks},
	author={Papadimitratos, Panagiotis and Haas, Zygmunt J},
	booktitle={2003 Symposium on Applications and the Internet Workshops, 2003. Proceedings.},
	pages={379--383},
	year={2003},
	organization={IEEE}
}

@inproceedings{qa:13,
	title={Cooperative security-enforcement routing in mobile ad hoc networks},
	author={Lu, Bin and Pooch, Udo W},
	booktitle={4th International Workshop on Mobile and Wireless Communications Network},
	pages={157--161},
	year={2002},
	organization={IEEE}
}

@article{makwana2013intrusion,
	title={Intrusion Detection-Watchdog: For Secure AODV Routing Protocol in VANET},
	author={Makwana, Nishant P and Vithalani, Sunil K and Dhanesha, Jayesh D},
	journal={International Journal of Engineering Trends and Technology (IJETT)},
	volume={4},
	pages={2151},
	year={2013}
}

@inproceedings{al2004black,
	title={Black hole attack in mobile ad hoc networks},
	author={Al-Shurman, Mohammad and Yoo, Seong-Moo and Park, Seungjin},
	booktitle={Proceedings of the 42nd annual Southeast regional conference},
	pages={96--97},
	year={2004}
}
@article{chavan2016performance,
	title={Performance analysis of AODV and DSDV routing protocol in MANET and modifications in AODV against black hole attack},
	author={Chavan, AA and Kurule, DS and Dere, PU},
	journal={Procedia Computer Science},
	volume={79},
	pages={835--844},
	year={2016},
	publisher={Elsevier}
}

@article{khin2014impact,
	title={Impact of black hole attack on AODV routing protocol},
	author={Khin, Ei Ei and Phyu, Thandar},
	journal={International Journal of Information Technology, Modeling and Computing (IJITMC) Vol},
	volume={2},
	year={2014}
}
@article{gao2020cumulative,
	title={Cumulative sum analysis of the learning curve for the preclosure technique using Proglide},
	author={Gao, Haoyu and Luo, Mingyao and Fang, Kun and Fan, Bowen and Zhao, Jiawei and Xue, Yunfei and Shu, Chang},
	journal={Interactive CardioVascular and Thoracic Surgery},
	volume={30},
	number={2},
	pages={280--286},
	year={2020},
	publisher={Oxford University Press}
}
